<?xml version="1.0" encoding="utf-8"?>
<record xmlns="http://www.loc.gov/MARC21/slim" xmlns:xsi="http://www.w3.org/2001/XMLSchema-instance" xsi:schemaLocation="http://www.loc.gov/MARC21/slim http://www.loc.gov/standards/marcxml/schema/MARC21slim.xsd">
	<leader>
		01731nam a2200349   4500
	</leader>
	<controlfield tag="001">
		3429954
	</controlfield>
	<controlfield tag="003">
		NjP
	</controlfield>
	<controlfield tag="006">
		m        d        
	</controlfield>
	<controlfield tag="007">
		cr cn |||m|||a
	</controlfield>
	<controlfield tag="008">
		151111s1938    ua      o     000 0 ara d
	</controlfield>
	<datafield ind1=" " ind2=" " tag="040">
		<subfield code="a">
			NNU
		</subfield>
		<subfield code="b">
			eng
		</subfield>
		<subfield code="e">
			rda
		</subfield>
		<subfield code="c">
			NNU
		</subfield>
	</datafield>
	<datafield ind1="1" ind2="4" tag="050">
		<subfield code="a">
			PJ7750
		</subfield>
		<subfield code="b">
			.M8 1938
		</subfield>
	</datafield>
	<datafield ind1="1" ind2=" " tag="100">
		<subfield code="a">
			Barqūqī, ʻAbd al-Raḥmān,
		</subfield>
		<subfield code="d">
			1875-1944.
		</subfield>
	</datafield>
	<datafield ind1="1" ind2="0" tag="245">
		<subfield code="a">
			Sharḥ Dīwān al-Mutanabbī /
		</subfield>
		<subfield code="c">
			waḍaʻahu ʻAbd al-Raḥmān al-Barqūqī.
		</subfield>
	</datafield>
	<datafield ind1=" " ind2=" " tag="250">
		<subfield code="a">
			al-Ṭabʻah 2.
		</subfield>
	</datafield>
	<datafield ind1=" " ind2=" " tag="260">
		<subfield code="a">
			Miṣr :
		</subfield>
		<subfield code="b">
			Yuṭlabu min al-Maktabah al-Tijārīyah al-Kubrá,
		</subfield>
		<subfield code="c">
			1938.
		</subfield>
	</datafield>
	<datafield ind1=" " ind2=" " tag="300">
		<subfield code="a">
			online resource (4 volumes)
		</subfield>
	</datafield>
	<datafield ind1=" " ind2=" " tag="336">
		<subfield code="a">
			text
		</subfield>
		<subfield code="2">
			rdacontent
		</subfield>
	</datafield>
	<datafield ind1=" " ind2=" " tag="337">
		<subfield code="a">
			computer
		</subfield>
		<subfield code="2">
			rdamedia
		</subfield>
	</datafield>
	<datafield ind1=" " ind2=" " tag="338">
		<subfield code="a">
			online resource
		</subfield>
		<subfield code="2">
			rdacarrier
		</subfield>
	</datafield>
	<datafield ind1=" " ind2=" " tag="500">
		<subfield code="a">
			Preface dated: 1938.
		</subfield>
	</datafield>
	<datafield ind1=" " ind2=" " tag="500">
		<subfield code="a">
			Part of the Arabic Collections Online (ACO) project, contributed by Princeton University Libraries.
		</subfield>
	</datafield>
	<datafield ind1=" " ind2=" " tag="533">
		<subfield code="a">
			Electronic reproduction.
		</subfield>
		<subfield code="b">
			New York, N.Y. :
		</subfield>
		<subfield code="c">
			New York University,
		</subfield>
		<subfield code="d">
			2015.
		</subfield>
		<subfield code="5">
			NNU
		</subfield>
	</datafield>
	<datafield ind1="1" ind2="0" tag="600">
		<subfield code="a">
			Mutanabbī, Abū al-Ṭayyib Aḥmad ibn al-Ḥusayn,
		</subfield>
		<subfield code="d">
			915 or 916-965.
		</subfield>
		<subfield code="t">
			Poems.
		</subfield>
	</datafield>
	<datafield ind1="0" ind2="7" tag="630">
		<subfield code="a">
			Poems (Mutanabbī, Abū al-Ṭayyib Aḥmad ibn al-Ḥusayn)
		</subfield>
		<subfield code="2">
			fast
		</subfield>
		<subfield code="0">
			(OCoLC)fst01790102
		</subfield>
	</datafield>
	<datafield ind1="1" ind2="2" tag="700">
		<subfield code="a">
			Mutanabbī, Abū al-Ṭayyib Aḥmad ibn al-Ḥusayn,
		</subfield>
		<subfield code="d">
			915 or 916-965.
		</subfield>
		<subfield code="t">
			Poems.
		</subfield>
	</datafield>
	<datafield ind1="2" ind2=" " tag="710">
		<subfield code="a">
			Princeton University.
		</subfield>
		<subfield code="b">
			Library.
		</subfield>
	</datafield>
	<datafield ind1="0" ind2=" " tag="730">
		<subfield code="a">
			Arabic Collections Online.
		</subfield>
	</datafield>
	<datafield ind1="0" ind2="8" tag="776">
		<subfield code="i">
			Print version:
		</subfield>
		<subfield code="a">
			Barqūqī, ʻAbd al-Raḥmān, 1875-1944.
		</subfield>
		<subfield code="t">
			Sharḥ Dīwān al-Mutanabbī
		</subfield>
		<subfield code="w">
			(NjP)3429954
		</subfield>
		<subfield code="w">
			(OCoLC)49374746
		</subfield>
	</datafield>
	<datafield ind1="4" ind2="0" tag="856">
		<subfield code="u">
			http://hdl.handle.net/2333.1/np5hqfxf
		</subfield>
	</datafield>
	<datafield ind1=" " ind2=" " tag="959">
		<subfield code="a">
			NNU
		</subfield>
		<subfield code="b">
			WEB
		</subfield>
		<subfield code="c">
			GENI
		</subfield>
		<subfield code="t">
			0
		</subfield>
		<subfield code="m">
			Electronic access
		</subfield>
		<subfield code="s">
			01
		</subfield>
	</datafield>
	<datafield ind1=" " ind2=" " tag="999">
		<subfield code="i">
			NjP_3429954
		</subfield>
		<subfield code="o">
			(OCoLC)ocm49374746 
		</subfield>
		<subfield code="s">
			princeton_aco000122:v.1
		</subfield>
		<subfield code="s">
			princeton_aco000123:v.2
		</subfield>
		<subfield code="s">
			princeton_aco000124:v.3
		</subfield>
		<subfield code="s">
			princeton_aco000125:v.4
		</subfield>
		<subfield code="e">
			(ERROR-880)
		</subfield>
	</datafield>
</record>
